@unpublished{corba-iiop,
   title        = {{CORBA} 2.6 Specification},
   author       = {Object Management Group},
   note         = {http://www.omg.org/cgi-bin/doc?formal/01-12-35}
}

@unpublished{corba-clm,
   title        = {{CORBA} {C} Language Mapping},
   author       = {Object Management Group},
   note         = {http://www.omg.org/cgi-bin/doc?formal/99-07-35}
}
  
