@string{l4checkurl="\htmladdnormallink 
{\texttt{http://os.inf.tu-dresden.de/\~{}l4check/}}{http://os.inf.tu-dresden.de/~l4check/}"}

@Misc{www:l4check,
  title =	{ {L4Check} },
  note =	{ Documentation at } # l4checkurl
}

@string{l4envurl="\htmladdnormallink 
{\texttt{http://os.inf.tu-dresden.de/\~{}reuther/doc/l4env/}}{http://os.inf.tu-dresden.de/~reuther/doc/l4env/}"}

@Misc{www:l4env,
  title =	{ {L4Env} },
  note =	{ Documentation at } # l4envurl
}

@string{l4envloaderurl="\htmladdnormallink 
{\texttt{http://os.inf.tu-dresden.de/\~{}fm3/doc/loader/}}{http://os.inf.tu-dresden.de/~fm3/doc/loader/}"}

@Misc{www:l4envloader,
  title =	{ {LOADER} },
  note =	{ Documentation at } # l4envloaderurl
}

@string{building_infraurl="\htmladdnormallink 
{\texttt{http://os.inf.tu-dresden.de/\~{}jork/local/drops_infra/}}{http://os.inf.tu-dresden.de/~jork/local/drops_infra/}"}

@Misc{www:buildinginfra,
  title =	{ {DROPS Building Infrastructure Proposal} },
  note =	{ Postsript, PDF and http versions at } # building_infraurl
}

@Misc{cvs:dropsmk,
  title =	{ {DROPS Make Macros within 2000} },
  note =	{ Macros and some documentation can be found at the CVS:
                  {\texttt{/home/cvs/l4/drops/mk/}}}
}

@string{diceurl="\htmladdnormallink 
{\texttt{http://os.inf.tu-dresden.de/dice/}}{http://os.inf.tu-dresden.de/dice/}"}

@Misc{www:dice,
  title =	{ {DICE Documentation} },
  note =	{ Project page at } # diceurl
}

@string{gendepurl="{\htmladdnormallink 
{\texttt{http://www.xs4all.nl/\~{}hanwen/public/software/README.html}}{http://www.xs4all.nl/~hanwen/public/software/README.html}}"}

@Misc{www:gendep,
  title =	{ gendep library },
  note =        { Based on code from } # gendepurl
}
