@InProceedings{aron:dataspaces,
  author =       {Mohit Aron and Yoonho Park and Trent Jaeger and
                  Jochen Liedtke and Kevin Elphinstone and Luke
                  Deller},
  title =        {The {S}aw{M}ill {F}ramework for {VM} {D}iversity},
  booktitle =    {Proc. 6th Australasian Computer Architecture
                  Conference},
  year =         2001,
  month =        Jan,
  note =         {Available at \url{ftp://ftp.cse.unsw.edu.au/pub/users/disy/papers/Aron_PJLED_01.ps.gz}}
}

@InProceedings{pSLIM,
  author =	{Brian K. Schmidt and Monica S. Lam and J. Duane Northcutt},
  title =	{The interactive performance of {SLIM}: a stateless, 
	        thin-client architecture},
  booktitle =	{Proc. 17th ACM Symposium on Operating Systems Principles
                (SOSP), volume 34, pages 32-47},
  year =	1999,
  month =	Dec
}

@InProceedings{loeser99:omega0,
  author =       {J. L{\"o}ser and M. Hohmuth},
  title =        {{Omega0} -- a portable interface to interrupt hardware
                 for {L4} systems},
  booktitle =    {Proceedings of the First Workshop on Common
                 Microkernel System Platforms},
  year =         1999,
  address =      {Kiawah Island, SC, USA},
  month =        dec,
  note =         {Available at \url{http://os.inf.tu-dresden.de/~hohmuth/prj/omega0.ps.gz}}
}

@Manual{ELF,
  title =	{{T}ool {I}nterface {S}tandard ({TIS}). {P}ortable {F}ormats
                 {S}pecification},
  year =	1993,
  address = 	{Intel Corporation, Literature Center, P.O. Box 7641, Mt.
  		Prospect, IL 60056-7641},
  key =		{ELF},
}
