@unpublished{corba-iiop,
   title        = {{CORBA} 2.6 Specification},
   author       = {Object Management Group},
   note         = {http://www.omg.org/cgi-bin/doc?formal/01-12-35}
}

@unpublished{corba-clm,
   title        = {{CORBA} {C} Language Mapping},
   author       = {Object Management Group},
   note         = {http://www.omg.org/cgi-bin/doc?formal/99-07-35}
}

@unpublished{midl-import,
   title	= {{MIDL} Language Reference - Import},
   author	= {Microsoft Corporation},
   note		= {http://msdn.microsoft.com/library/default.asp?url=/library/en-us/midl/midl/import.asp}
}

@misc{haeberlen:studythesis,
  title	= {Using Platform-Specific Optimizations in Stub-Code Generation},
  author = {Andreas Haeberlen},
  howpublished = {Study Thesis},
  month = jul,
  year = 2002,
  note = {System Architecture Group, University of Karlsruhe}
}

@inproceedings{haeberlen:wiess00,
  title = {Stub-Code Performance is Becoming Important},
  author = {Andreas Haeberlen and Jochen Liedtke and Yoonho Park and Lars Reuther and Volkmar Uhlig},
  booktitle = {Proceedings of the 1st Workshop on Industrial Experiences with Systems Software (WIESS)},
  year = 2000,
  month = oct,
  note = {San Diego, CA}
}

